<?xml version="1.0" encoding="UTF-8"?><record xmlns="http://www.loc.gov/MARC21/slim" xmlns:cinclude="http://apache.org/cocoon/include/1.0" xmlns:zs="http://www.loc.gov/zing/srw/">
  <leader>00793nz  a2200133n  4500</leader>
  <controlfield tag="001">no 90022214 </controlfield>
  <controlfield tag="003">DLC</controlfield>
  <controlfield tag="005">19901024054727.3</controlfield>
  <controlfield tag="008">901017n| acannaab|          |a ana     c</controlfield>
  <datafield tag="010" ind1=" " ind2=" ">
    <subfield code="a">no 90022214 </subfield>
  </datafield>
  <datafield tag="040" ind1=" " ind2=" ">
    <subfield code="a">DGPO</subfield>
    <subfield code="c">DGPO</subfield>
  </datafield>
  <datafield tag="110" ind1="1" ind2="0">
    <subfield code="a">United States.</subfield>
    <subfield code="b">Office of the Assistant Secretary of Defense/Force Management and Personnel.</subfield>
    <subfield code="b">Directorate for Civilian Equal Opportunity Policy</subfield>
  </datafield>
  <datafield tag="410" ind1="1" ind2="0">
    <subfield code="a">United States.</subfield>
    <subfield code="b">Office of the Assistant Secretary of Defense/Force Management and Personnel.</subfield>
    <subfield code="b">Civilian Personnel Policy.</subfield>
    <subfield code="b">Directorate for Civilian Equal Opportunity Policy</subfield>
  </datafield>
  <datafield tag="670" ind1=" " ind2=" ">
    <subfield code="a">Its The Department of Defense Human Goals Program, 1990:</subfield>
    <subfield code="b">t.p. (Office of the Assistant Secretary of Defense for Force Management and Personnel (Civilian Personnel Policy), Directorate for Civilian Equal Opportunity Policy)</subfield>
  </datafield>
</record>